<?xml version="1.0" encoding="UTF-8"?><collection xmlns="http://www.loc.gov/MARC21/slim"><record><leader>00373nam--2200121-i-4500</leader><controlfield tag="001">000048256</controlfield><controlfield tag="002">20161230</controlfield><controlfield tag="005">20161230201046</controlfield><controlfield tag="008">060222s1000------------r-----000-0-eng-d</controlfield><datafield ind1=" " ind2=" " tag="080"><subfield code="a">637.113(061.3)</subfield></datafield><datafield ind1=" " ind2=" " tag="245"><subfield code="a">Nutrient transport studies in animals for the purpose of milk and meat production</subfield></datafield><datafield ind1=" " ind2=" " tag="260"><subfield code="a">Trombay, Bhabha Atomic Research Centre, 1982, Xxvii+587p</subfield></datafield><datafield ind1=" " ind2=" " tag="852"><subfield code="a">71209</subfield></datafield></record></collection>